@article{Ioffe2015,
   author = {Sergey Ioffe and Christian Szegedy},
   journal = {CoRR},
   month = {2},
   title = {Batch Normalization: Accelerating Deep Network Training by Reducing Internal Covariate Shift},
   url = {http://arxiv.org/abs/1502.03167},
   year = {2015},
}

@article{Tan2021,
  author    = {Mingxing Tan and
               Quoc V. Le},
  title     = {EfficientNetV2: Smaller Models and Faster Training},
  journal   = {CoRR},
  volume    = {abs/2104.00298},
  year      = {2021},
  url       = {https://arxiv.org/abs/2104.00298},
  eprinttype = {arXiv},
  eprint    = {2104.00298},
  timestamp = {Mon, 12 Apr 2021 16:14:56 +0200},
  biburl    = {https://dblp.org/rec/journals/corr/abs-2104-00298.bib},
  bibsource = {dblp computer science bibliography, https://dblp.org}
}

@article{Carpentier2016,
   author = {Alice S Carpentier and Claire Jean and Mathieu Barret and Agathe Chassagneux and Stéphane Ciccione},
   doi = {https://doi.org/10.1016/j.jembe.2015.12.003},
   issn = {0022-0981},
   journal = {Journal of Experimental Marine Biology and Ecology},
   keywords = {Facial scale,Individual recognition,Photo-identification,Scale pattern stability,Sea turtles},
   pages = {15-21},
   title = {Stability of facial scale patterns on green sea turtles Chelonia mydas over time: A validation for the use of a photo-identification method},
   volume = {476},
   url = {https://www.sciencedirect.com/science/article/pii/S0022098115300733},
   year = {2016},
}

@inproceedings{Krizhevsky2012,
   author = {Alex Krizhevsky and Ilya Sutskever and Geoffrey E Hinton},
   journal = {NIPS 2012: Neural Information Processing Systems},
   title = {ImageNet Classification with Deep Convolutional Neural Networks},
   url = {https://proceedings.neurips.cc/paper/2012/file/c399862d3b9d6b76c8436e924a68c45b-Paper.pdf http://www.cs.toronto.edu/~kriz/imagenet_classification_with_deep_convolutional.pdf},
   year = {2012},
}

@article{Tan2019,
   author = {Mingxing Tan and Quoc V. Le},
   journal = {CoRR},
   month = {5},
   title = {EfficientNet: Rethinking Model Scaling for Convolutional Neural Networks},
   year = {2019},
}

@article{Huh2016,
   author = {Minyoung Huh and Pulkit Agrawal and Alexei A. Efros},
   journal = {CoRR},
   month = {8},
   title = {What makes ImageNet good for transfer learning?},
   url = {https://arxiv.org/abs/1608.08614v2},
   year = {2016},
}

@article{Szegedy2015,
   author = {Christian Szegedy and Vincent Vanhoucke and Sergey Ioffe and Jon Shlens and Zbigniew Wojna},
   doi = {10.48550/arxiv.1512.00567},
   isbn = {9781467388504},
   issn = {10636919},
   journal = {Proceedings of the IEEE Computer Society Conference on Computer Vision and Pattern Recognition},
   month = {12},
   pages = {2818-2826},
   publisher = {IEEE Computer Society},
   title = {Rethinking the Inception Architecture for Computer Vision},
   volume = {2016-December},
   url = {https://arxiv.org/abs/1512.00567v3},
   year = {2015},
}
% Schildkröten in Not - Background
@MISC{Greuter2018,
    HOWPUBLISHED = "\url{https://www.prowildlife.de/aktuelles/meldung/schildkroeten-in-not/}",
    AUTHOR = "Johanna Greuter",
    TITLE = "Schildkröten in Not",
    MONTH = "Oct",
    YEAR = "2018",
    NOTE = "Accessed on 2022-02-24"
}

% Inception Network - Model
@article{Szegedy2014,
  author    = {Christian Szegedy and
               Wei Liu and
               Yangqing Jia and
               Pierre Sermanet and
               Scott E. Reed and
               Dragomir Anguelov and
               Dumitru Erhan and
               Vincent Vanhoucke and
               Andrew Rabinovich},
  title     = {Going Deeper with Convolutions},
  journal   = {CoRR},
  volume    = {abs/1409.4842},
  year      = {2014},
  url       = {http://arxiv.org/abs/1409.4842},
  eprinttype = {arXiv},
  eprint    = {1409.4842},
  timestamp = {Mon, 13 Aug 2018 16:48:52 +0200},
  biburl    = {https://dblp.org/rec/journals/corr/SzegedyLJSRAEVR14.bib},
  bibsource = {dblp computer science bibliography, https://dblp.org}
}

% Turtle Tagging - Grantspecis
@article{Balazs1999,
   author = {George H. Balazs},
   publisher = {Research and Management Techniques for the Conservation of Sea Turtles},
   month = {5},
   title = {Factors to Consider in the Tagging of Sea Turtles},
   year = {2019},
   url = {https://pacific-data.sprep.org/dataset/factors-consider-tagging-sea-turtles-george-h-balazs},
}






